@misc{interface,
	HOWPUBLISHED = "\url{https://pt.wikipedia.org/wiki/Interface_(ci%C3%AAncia_da_computa%C3%A7%C3%A3o)}",
	AUTHOR = "Wikipédia",
	TITLE = "Interface (ciência da computação)",
	NOTE = "Acessado em 18-08-2018",
	YEAR = "2018"
}

@misc{gnu,
	HOWPUBLISHED = "\url{https://www.gnu.org/gnu/manifesto.pt-br.html}",
	AUTHOR = "FSF",
	TITLE = "Manifesto GNU",
	NOTE = "Acessado em 18-08-2018",
	YEAR = "2018"
}

@misc{roberto1,
	HOWPUBLISHED = "\url{http://www.inf.ufpr.br/roberto/ci064/labUnix.html}",
	AUTHOR = "Roberto André Hexsel",
	TITLE = "Unix para Computeiros",
	NOTE = "Acessado em 18-08-2018",
	YEAR = "2018"
}

@misc{roberto2,
	HOWPUBLISHED = "\url{http://www.inf.ufpr.br/roberto/ci064/labBash-1.html}",
	AUTHOR = "Roberto André Hexsel",
	TITLE = "Como computeiros ganham tempo com Bash",
	NOTE = "Acessado em 18-08-2018",
	YEAR = "2018"
}
